% This file was created with Citavi 6.6.0.0

@booklet{bghm2020,
 author = {{Berufsgenossenschaft Holz und Metall}},
 year = {27.08.2020},
 title = {Coronavirus-BGHM-Zusatzinformationen-L{\"u}ftungsverhalten},
 url = {https://www.bghm.de/fileadmin/user_upload/Coronavirus/Coronavirus-BGHM-Zusatzinformationen-Lueftungsverhalten.pdf},
 lastchecked = {2020-11-09},
 file = {42cd18f5-d5fa-4a69-b946-1a807f0af116:C\:\\Users\\User\\AppData\\Local\\Swiss Academic Software\\Citavi 6\\ProjectCache\\upkiltvcr9ugrs2eoskhldv6rva0rrnhthqmhtr\\Citavi Attachments\\42cd18f5-d5fa-4a69-b946-1a807f0af116.pdf:pdf}
}


@booklet{Bosy.17.10.2020,
 abstract = {diese Homepage stellt auf 2.822 Seiten und in {\"u}ber 30.000 Dateien jede Menge Informationen {\"u}ber den Autor und das Sanit{\"a}r-, Heizungs- und Klimahandwerk zur Verf{\"u}gung},
 author = {Bosy, Bruno},
 year = {17.10.2020},
 title = {Wie wird richtig gel{\"u}ftet?},
 url = {http://www.bosy-online.de/Richtig_lueften.htm},
 lastchecked = {2020-11-09}
}


@booklet{e.V..2020,
 abstract = {Husten, Sprechen, Niesen oder einfach nur Ausatmen -- das Coronavirus SARS-CoV-2 wird vor allem {\"u}ber Tr{\"o}pfchen und Aerosole {\"u}bertragen.},
 author = {e.V., Deutsche Gesetzliche Unfallversicherung},
 year = {2020},
 title = {Richtig l{\"u}ften w{\"a}hrend der Pandemie},
 url = {https://www.dguv.de/de/mediencenter/pm/pressearchiv/2020/quartal_3/details_3_405890.jsp},
 lastchecked = {2020-11-09}
}


@misc{Hartmann.2020,
 abstract = {Basierend auf der Kohlenstoffdioxidkonzentration werden analytische Betrachtungen der Aersolkonzentration im Raum angestellt. Aufbauend auf einer kritischen Dosis-Viren wird zus{\"a}tzlich untersucht, wie lange sich Personen bei einer gegebenen CO2-Konzentration im Raum aufhalten k{\"o}nnen.

Based on the carbon dioxid concentration analytical investigations regarding the aerosol concentration in the room has been performed. With a critical dose of virus it has been investigated how long a person may stay in the room, if a given CO2 concentration has occured in the room.},
 author = {Hartmann, Anne and Kriegel, Martin},
 date = {2020},
 title = {Risikobewertung von virenbeladenen Aerosolen anhand der CO2-Konzentration},
 url = {https://depositonce.tu-berlin.de/bitstream/11303/11477/5/hartmann_kriegel_2020_de.pdf},
 keywords = {620 Ingenieurwissenschaften und zugeordnete T{\"a}tigkeiten;Aerosole;aerosols;analytical;analytisch;CO2-concentration;CO2-Konzentration;Risikobewertung;risk assessment},
 urldate = {2020-11-09},
 publisher = {{Technische Universit{\"a}t Berlin}},
 doi = {10.14279/DEPOSITONCE-10361},
 file = {8f5da035-c8b0-4998-beaf-78c1189560dd:C\:\\Users\\User\\AppData\\Local\\Swiss Academic Software\\Citavi 6\\ProjectCache\\upkiltvcr9ugrs2eoskhldv6rva0rrnhthqmhtr\\Citavi Attachments\\8f5da035-c8b0-4998-beaf-78c1189560dd.pdf:pdf}
}


@article{Simmank.15.08.2020,
 abstract = {Einfache CO2-Sensoren k{\"o}nnen helfen abzusch{\"a}tzen, wie verbraucht die Luft in Innenr{\"a}umen ist. Durch gezieltes L{\"u}ften lie{\ss}en sich so wom{\"o}glich Sars-CoV-2-F{\"a}lle verhindern.},
 author = {Simmank, Jakob},
 year = {2020-08-15},
 title = {Coronavirus: Mit CO2-Sensoren gegen die Pandemie},
 url = {https://www.zeit.de/wissen/gesundheit/2020-08/coronavirus-co2-sensoren-luft-innenraeume-lueften?utm_referrer=https%3A%2F%2Fwww.google.com%2F},
 urldate = {2020-11-09},
 journal = {Die Zeit},
 file = {dae32d9e-d82f-4531-ad71-94530a10d35c:C\:\\Users\\User\\AppData\\Local\\Swiss Academic Software\\Citavi 6\\ProjectCache\\upkiltvcr9ugrs2eoskhldv6rva0rrnhthqmhtr\\Citavi Attachments\\dae32d9e-d82f-4531-ad71-94530a10d35c.pdf:pdf}
}


@booklet{VDI.09.11.2020,
 abstract = {In dieser Richtlinie werden Verfahren zur Bestimmung der Luftwechselzahl in Innenr{\"a}umen beschrieben, die auf der Konzentrationsmessung von Indikatorgasen basieren. Auf wichtige Randbedingungen, die bei der Luftwechselzahlmessung einzuhalten sind, sowie auf die Ergebnisinterpretation wird in den Ausf{\"u}hrungsbeispiel eingegangen.},
 author = {VDI},
 year = {09.11.2020},
 title = {VDI 4300 Blatt 7 - Messen von Innenraumluftverunreinigungen - Bestimmung der Luftwechselzahl in Innenr{\"a}umen},
 url = {https://www.vdi.de/richtlinien/details/vdi-4300-blatt-7-messen-von-innenraumluftverunreinigungen-bestimmung-der-luftwechselzahl-in-innenraeumen},
 lastchecked = {2020-11-09}
}


